@article{1,
  title={Embedding the Internet: Wireless integrated network sensors},
  author={Pottie, G. J. and Kaiser, W. J.},
  journal={Communications of the Acm},
  volume={43},
  year={2000},
}
@book{jaranowski_analysis_2009,
	address = {Cambridge ; New York},
	series = {Cambridge monographs on particle physics, nuclear physics and cosmology},
	title = {Analysis of gravitational-wave data},
	isbn = {978-0-521-86459-6},
	language = {en},
	number = {29},
	publisher = {Cambridge University Press},
	author = {Jaranowski, Piotr and Królak, Andrzej},
	year = {2009},
	keywords = {Gravitational waves, Measurement Statistical methods},
	file = {Jaranowski 和 Królak - 2009 - Analysis of gravitational-wave data.pdf:C\:\\Users\\10164\\Zotero\\storage\\P8MACA2G\\Jaranowski 和 Królak - 2009 - Analysis of gravitational-wave data.pdf:application/pdf},
}
